@article{danos_linear_2001,
	title = {Linear Logic \& Elementary Time},
	volume = {183},
	shortjournal	=	{Inf. Comput.},
	journal = {Information and Computation},
	author = {Danos, Vincent and Joinet, Jean-baptiste},
	year = {2001},
	pages = {2003}
},

@article{baillot_light_2011,
	title = {Light logics and optimal reduction: Completeness and complexity},
	volume = {209},
	shorttitle = {Light logics and optimal reduction},
	url = {http://dblp.uni-trier.de/rec/bibtex/journals/iandc/BaillotCL11},
	number = {2},
	urldate = {2014-01-23},
	shortjournal = {Inf. Comput.},
	journal	=	{Information and Computation},
	author = {Baillot, Patrick and Coppola, Paolo and Lago, Ugo Dal},
	year = {2011},
	pages = {118--142}
},

@article{baillot_linear_2010,
	title = {Linear logic by levels and bounded time complexity},
	volume = {411},
	url = {http://dblp.uni-trier.de/rec/bibtex/journals/tcs/BaillotM10},
	number = {2},
	urldate = {2014-01-23},
	shortjournal = {Theor. Comput. Sci.},
	journal	=	{Theoretical Computer Science},
	author = {Baillot, Patrick and Mazza, Damiano},
	year = {2010},
	pages = {470--503}
},

@article{baillot_elementary_2001,
	title = {{Elementary Complexity and Geometry of Interaction}},
	volume = {45},
	url = {http://dblp.uni-trier.de/rec/bibtex/journals/fuin/BaillotP01},
	number = {1-2},
	urldate = {2014-01-23},
	shortjournal = {Fundam. Inform.},
	journal	=	{Fundamenta Informaticae},
	author = {Baillot, Patrick and Pedicini, Marco},
	year = {2001},
	pages = {1--31}
},

@article{seiller_logarithmic_2013,
	title			=	{{Logarithmic Space and Permutations}},
	journal		=	{Arxiv preprint},
	archivePrefix	=	{arXiv},
	volume		=	{abs/1301.3189},
	year			=	2013,
	eprint		=	{1301.3189}, 
	primaryClass	=	{cs.LO},
	author = {Aubert, Cl\'ement and Seiller, Thomas},
},

@article{aubert_characterizing_2012,
	title			=	{{Characterizing co-NL by a group action}},
	journal		=	{Arxiv preprint},
	year			=	{2012},
	volume		=	{abs/1209.3422},
	archivePrefix	=	{arXiv},
	eprint		=	{1209.3422},
	primaryClass	=	{cs.LO},
	author = {Aubert, Cl\'ement and Seiller, Thomas},
},

@article{gaboardi_logical_2008,
  author    = {Gaboardi, Marco and Marion, Jean-Yves and Ronchi Della Rocca, Simona},
  title     = {{An Implicit Characterization of PSPACE}},
  shortjournal   = {ACM Trans. Comput. Log.},
  journal	=	{ACM Transactions on Computational Logic},
  volume    = {13},
  number    = {2},
  year      = {2012},
  pages     = {18},
  ee        = {http://doi.acm.org/10.1145/2159531.2159540},
  bibsource = {DBLP, http://dblp.uni-trier.de}
}

@inproceedings{schopp_stratified_2007,
	author = {Sch\"opp, Ulrich},
	title		=	{{Stratified Bounded Affine Logic for Logarithmic Space}},
	booktitle	=	{LICS},
	year		=	{2007},
	pages		=	{411-420},
	crossref	=	{lics2007},
	doi			=	{10.1109/LICS.2007.45}
}

@proceedings{lics2007,
	title		=	{22nd {IEEE} Symposium on Logic in Computer Science ({LICS} 2007), 10â€“12 {J}uly 2007, Wroclaw, Poland, Proceedings},
	year		=	{2007},
	publisher	=	{IEEE Computer Society},
	booktitle	=	{LICS}
}


article{hofmann_pure_2010,
	title = {Pure pointer programs with iteration},
	volume = {11},
	url = {http://dblp.uni-trier.de/rec/bibtex/journals/tocl/HofmannS10},
	number = {4},
	urldate = {2014-01-29},
	journal = {{ACM} Trans. Comput. Log.},
	author = {Hofmann, Martin and Sch\"opp, Ulrich},
	year = {2010}
},

@article{hofmann_pure_2010,
  author = {Hofmann, Martin and Sch\"opp, Ulrich},
  title     = {Pure pointer programs with iteration},
  shortjournal   = {ACM Trans. Comput. Log.},
  journal	=	{ACM Transactions on Computational Logic},
  volume    = {11},
  number    = {4},
  year      = {2010},
  ee        = {http://doi.acm.org/10.1145/1805950.1805956},
  bibsource = {DBLP, http://dblp.uni-trier.de}
}


inproceedings{hofmann_pointer_2009,
	title = {Pointer Programs and Undirected Reachability},
	url = {http://dblp.uni-trier.de/rec/bibtex/conf/lics/HofmannS09},
	urldate = {2014-01-29},
	author = {Hofmann, Martin and Sch\"opp, Ulrich},
	year = {2009},
	pages = {133--142}
},

@article{hofmann_pointer_2009,
  author = {Hofmann, Martin and Sch\"opp, Ulrich},
  title     = {Pointer Programs and Undirected Reachability},
  journal   = {Electronic Colloquium on Computational Complexity (ECCC)},
  volume    = {15},
  number    = {090},
  year      = {2008},
  ee        = {http://eccc.hpi-web.de/eccc-reports/2008/TR08-090/index.html},
  bibsource = {DBLP, http://dblp.uni-trier.de}
}

[University of Trier] 

@inproceedings{ben-amram_what_1995,
	title = {What is a {"Pointer} Machine"?},
	booktitle = {Science of Computer Programming},
	publisher = {American Mathematical Society},
	author = {Ben-amram, Amir M.},
	year = {1995}
},

inproceedings{schopp_space-efficient_2006,
	title = {Space-Efficient Computation by Interaction},
	url = {http://dblp.uni-trier.de/rec/bibtex/conf/csl/Schopp06},
	urldate = {2014-01-30},
	author = {Sch\"opp, Ulrich},
	year = {2006},
	pages = {606--621}
}

@inproceedings{schopp_space-efficient_2006,
  author    = {Ulrich Sch{\"o}pp},
  title     = {Space-Efficient Computation by Interaction},
  booktitle = {CSL},
  year      = {2006},
  pages     = {606-621},
  ee        = {http://dx.doi.org/10.1007/11874683_40},
  crossref  = {DBLP:conf/csl/2006},
  bibsource = {DBLP, http://dblp.uni-trier.de}
}

@proceedings{DBLP:conf/csl/2006,
  editor    = {Zolt{\'a}n {\'E}sik},
  title     = {Computer Science Logic, 20th International Workshop, CSL 2006, 15th Annual Conference of the EACSL, Szeged, Hungary, September 25-29, 2006, Proceedings},
  booktitle = {CSL},
  publisher = {Springer},
  series    = {Lecture Notes in Computer Science},
  volume    = {4207},
  year      = {2006},
  isbn      = {3-540-45458-6},
  bibsource = {DBLP, http://dblp.uni-trier.de}
}


@article{Itai1987,
	author	=	{Itai, Alon and Makowsky, Johann A.},
	title		=	{{Unification as a Complexity Measure for Logic Programming}},
	shortjournal	=	{J. Log. Program.},
	journal	=	{Journal of Logic Programming},
	volume	=	{4},
	number	=	{2},
	year		=	{1987},
	pages	=	{105--117},
	doi		=	{10.1016/0743-1066(87)90014-8}
}

@inproceedings{Immerman1988,
	author		=	{Immerman, Neil},
	title			=	{Nondeterministic space is closed under complementation},
	booktitle		=	{Structure in Complexity Theory Conference},
	year			=	{1988},
	pages		=	{112--115},
	xref		=	{coco1988},
	doi			=	{10.1109/SCT.1988.5270},
}

@article{Hartmanis1972,
	author	=	{Hartmanis, Juris},
	title	=	{{On Non-Determinancy in Simple Computing Devices}},
	journal	=	{Acta Informatica},
	shortjournal	=	ActaInformabbr,
	year	=	{1972},
	volume	=	{1},
	pages	=	{336--344},
	number	=	{4},
	publisher	=	{Springer},
	doi	=	{10.1007/BF00289513}
}

@article{Lange2000,
  author    = {Lange, Klaus-J{\"o}rn and McKenzie, Pierre and Tapp, Alain},
  title     = {{Reversible Space Equals Deterministic Space}},
  shortjournal   = {J. Comput. Syst. Sci.},
  journal	=	{Journal of Computer and System Sciences},
  volume    = {60},
  number    = {2},
  year      = {2000},
  pages     = {354-367},
  ee        = {http://dx.doi.org/10.1006/jcss.1999.1672},
}


@article{Lago2010,
    author    =    {Dal Lago, Ugo and Hofmann, Martin},
    title    =    {{Bounded Linear Logic, Revisited}},
    journal    =    {Logical Methods in Computer Science},
    year    =    {2010},
    volume    =    {6},
    number    =    {4},
    doi     =    {    10.2168/LMCS-6(4:7)2010}
}

@article{Girard1992,
    author        =    {Girard, Jean-Yves and Scedrov, Andre and Scott, Philip J.},
    title            =    {{Bounded Linear Logic: A Modular Approach to Polynomial Time Computability}},
    journal        =    {Theoretical Computer Science},
    shortjournal    =   {Theor. Comput. Sci.},
    year            =    {1992},
    volume        =    {97},
    pages        =    {1--66},
    number        =    {1},
    publisher        =    {Elsevier},
    doi            =    {10.1016/0304-3975(92)90386-T}
}