
@phdthesis{laurent_etude_2002,
	type = {Thèse de doctorat},
	title = {Étude de la polarisation en logique},
	school = {Université Aix-Marseille {II}},
	author = {Laurent, Olivier},
	year = {2002}
},

@phdthesis{accattoli_jumping_2011,
	type = {{PhD} thesis},
	title = {Jumping around the box: graphical and operational studies on \${\textbackslash}lambda \$-calculus and Linear Logic},
	school = {{\textbackslash}textit La Sapienza University of Rome},
	author = {Accattoli, Beniamino},
	year = {2011}
},

@phdthesis{danos_logique_1990,
	title = {La Logique Linéaire Appliquée à l'étude de Divers Processus de Normalisation (Principalement du λ-Calcul)},
	school = {University of Paris {VII}},
	author = {Danos, Vincent},
	month = jun,
	year = {1990}
},

@phdthesis{regnier_lambda-calcul_1992,
	type = {{PhD} thesis},
	title = {Lambda-calcul et réseaux},
	school = {Univ. Paris {VII}},
	author = {Regnier, Laurent},
	year = {1992}
},

@phdthesis{de_falco_geometrie_2009,
	title = {Géométrie de {l'Interaction} et Réseaux Différentiels},
	school = {Université Aix-Marseille {II}},
	author = {de Falco, Marc},
	year = {2009}
}

@phdthesis{Aubert2013b,
	author	=	{Aubert, Clément},
	school	=	{Université Paris 13 -- Sorbonne Paris Cité},
	title		=	{Linear Logic and Sub-polynomial Classes of Complexity},
	month	=	nov,
	year		=	2013,
	url		=	{http://aubert.math.cnrs.fr/these/these_c_aubert.pdf}
}