@article{knight_unification_1989,
	title = {{Unification: A Multidisciplinary Survey}},
	volume = {21},
	shorttitle = {Unification},
	url = {http://dblp.uni-trier.de/rec/bibtex/journals/csur/Knight89},
	number = {1},
	urldate = {2014-01-24},
	shortjournal = {{ACM} Comput. Surv.},
	journal	=	{ACM Computing Surveys},
	author = {Knight, Kevin},
	year = {1989},
	pages = {93--124}
},

@article{martelli_efficient_1982,
	title = {An Efficient Unification Algorithm},
	volume = {4},
	url = {http://dblp.uni-trier.de/rec/bibtex/journals/toplas/MartelliM82},
	number = {2},
	urldate = {2014-01-24},
	shortjournal = {{ACM} Trans. Program. Lang. Syst.},
	journal	=	{ACM Transactions on Programming Languages and Systems},
	author = {Martelli, Alberto and Montanari, Ugo},
	year = {1982},
	pages = {258--282}
},

@article{paterson_linear_1978,
	title = {Linear Unification},
	volume = {16},
	url = {http://dblp.uni-trier.de/rec/bibtex/journals/jcss/PatersonW78},
	number = {2},
	shortjournal = {J. Comput. Syst. Sci.},
	journal	=	{Journal of Computer and System Sciences},
	author = {Paterson, Mike and Wegman, Mark N.},
	year = {1978},
	pages = {158--167}
},

@article{robinson_machine-oriented_1965,
	title = {A Machine-Oriented Logic Based on the Resolution Principle},
	volume = {12},
	issn = {0004-5411},
	url = {http://doi.acm.org/10.1145/321250.321253},
	doi = {10.1145/321250.321253},
	number = {1},
	urldate = {2014-01-24},
	shortjournal = {J. {ACM}},
	journal	=	{Journal of the ACM},
	author = {Robinson, J. A.},
	month = jan,
	year = {1965},
	pages = {23–41}
},

@article{lewis_unifiability_1982,
	title = {Unifiability is Complete for co-{NLogSpace}},
	volume = {15},
	url = {http://dblp.uni-trier.de/rec/bibtex/journals/ipl/LewisS82},
	number = {5},
	urldate = {2014-01-27},
	shortjournal = {Inf. Process. Lett.},
	journal	=	{Information Processing Letters},
	author = {Lewis, Harry R. and Statman, Richard},
	year = {1982},
	pages = {220--222}
},

@article{herbrand_recherches_1930,
	title = {Recherches sur la théorie de la démonstration},
	url = {https://eudml.org/doc/192791},
	language = {{FR}, {FR}},
	urldate = {2014-01-24},
	author = {Herbrand, Jacques},
	year = {1930}
},

@book{martelli_unification_1976,
	title = {Unification in Linear Time and Space: A Structured Presentation},
	shorttitle = {Unification in Linear Time and Space},
	language = {en},
	publisher = {Istituto di Elaborazione della Informazione, Consiglio Nazionale delle Ricerche},
	author = {Martelli, A. and Montanari, U.},
	year = {1976}
},

@article{dwork_sequential_1984,
	title = {On the Sequential Nature of Unification},
	volume = {1},
	url = {http://dblp.uni-trier.de/rec/bibtex/journals/jlp/DworkKM84},
	number = {1},
	urldate = {2014-01-27},
	shortjournal = {J. Log. Program.},
	journal	=	{Journal of Logic Programming},
	author = {Dwork, Cynthia and Kanellakis, Paris C. and Mitchell, John C.},
	year = {1984},
	pages = {35--50}
},

@article{goldfarb_undecidability_1981,
	title = {The Undecidability of the Second-Order Unification Problem},
	volume = {13},
	url = {http://dblp.uni-trier.de/rec/bibtex/journals/tcs/Goldfarb81},
	urldate = {2014-01-27},
	shortjournal = {Theor. Comput. Sci.},
	journal	=	{Theoretical Computer Science},
	author = {Goldfarb, Warren D.},
	year = {1981},
	pages = {225--230}
},

@article{dwork_parallel_1988,
	title = {{Parallel Algorithms for Term Matching}},
	volume = {17},
	url = {http://dblp.uni-trier.de/rec/bibtex/journals/siamcomp/DworkKS88},
	number = {4},
	urldate = {2014-01-27},
	shortjournal = {SIAM J. Comput.},
	journal	=	{SIAM Journal on Computing},
	author = {Dwork, Cynthia and Kanellakis, Paris C. and Stockmeyer, Larry J.},
	year = {1988},
	pages = {711--731}
}